<record><leader>00000cas a22000007a 4500</leader><controlfield tag="001">27352805</controlfield><controlfield tag="008">930201d18431843maudn ne      0    0eng d</controlfield><datafield ind1=" " ind2=" " tag="010"><subfield code="a">sn 93058729 </subfield></datafield><datafield ind1=" " ind2=" " tag="040"><subfield code="a">MGN</subfield><subfield code="b">eng</subfield><subfield code="c">MGN</subfield><subfield code="d">OCLCQ</subfield></datafield><datafield ind1=" " ind2=" " tag="042"><subfield code="a">msc</subfield></datafield><datafield ind1="0" ind2=" " tag="130"><subfield code="a">Telegraph (Nantucket, Mass.)</subfield></datafield><datafield ind1="1" ind2="4" tag="245"><subfield code="a">The telegraph.</subfield></datafield><datafield ind1="1" ind2="3" tag="246"><subfield code="a">Daily telegraph</subfield></datafield><datafield ind1=" " ind2=" " tag="260"><subfield code="a">Nantucket, Mass. :</subfield><subfield code="b">[A.B. Robinson &amp; W. Bradford]</subfield></datafield><datafield ind1=" " ind2=" " tag="300"><subfield code="a">v.</subfield></datafield><datafield ind1=" " ind2=" " tag="310"><subfield code="a">Daily (except Sun.)</subfield></datafield><datafield ind1="0" ind2=" " tag="362"><subfield code="a">-v. 1, no. 76 (Nov. 11, 1843).</subfield></datafield><datafield ind1=" " ind2=" " tag="500"><subfield code="a">"Industry must prosper."</subfield></datafield><datafield ind1=" " ind2=" " tag="580"><subfield code="a">Weekly ed.: Weekly telegraph (Nantucket, Mass.).</subfield></datafield><datafield ind1=" " ind2=" " tag="588"><subfield code="a">Description based on: Vol. 1, no. 6 (Aug. 12, 1843).</subfield></datafield><datafield ind1=" " ind2=" " tag="752"><subfield code="a">United States</subfield><subfield code="b">Massachusetts</subfield><subfield code="c">Nantucket</subfield><subfield code="d">Nantucket.</subfield></datafield><datafield ind1="1" ind2=" " tag="775"><subfield code="t">Weekly telegraph (Nantucket, Mass.)</subfield><subfield code="w">(DLC)sn 83020593</subfield></datafield><datafield ind1="0" ind2="0" tag="785"><subfield code="t">Daily telegraph (Nantucket, Mass.)</subfield><subfield code="w">(DLC)sn 93058730</subfield></datafield></record>